<?xml version="1.0" encoding="UTF-8"?><collection xmlns="http://www.loc.gov/MARC21/slim"><record><leader>00304nam--2200121-i-4500</leader><controlfield tag="001">000022266</controlfield><controlfield tag="002">20161230</controlfield><controlfield tag="005">20161230201034</controlfield><controlfield tag="008">060222s1000------------r-----000-0-eng-d</controlfield><datafield ind1=" " ind2=" " tag="245"><subfield code="a">Infrared band handbook</subfield></datafield><datafield ind1=" " ind2=" " tag="260"><subfield code="a">New York, Plenum Press, 1963. Viii + 484 P</subfield></datafield><datafield ind1=" " ind2=" " tag="700"><subfield code="a">Herman A.Szymanski</subfield></datafield><datafield ind1=" " ind2=" " tag="852"><subfield code="a">19551</subfield></datafield></record></collection>